<?xml version="1.0" encoding="UTF-8"?><collection xmlns="http://www.loc.gov/MARC21/slim"><record><leader>00339nam--2200121-i-4500</leader><controlfield tag="001">000030819</controlfield><controlfield tag="002">20161230</controlfield><controlfield tag="005">20161230201038</controlfield><controlfield tag="008">060222s1000------------r-----000-0-eng-d</controlfield><datafield ind1=" " ind2=" " tag="100"><subfield code="a">Mcelvan, Samuel M</subfield></datafield><datafield ind1=" " ind2=" " tag="245"><subfield code="a">The characterization of organic compounds.revised edition</subfield></datafield><datafield ind1=" " ind2=" " tag="260"><subfield code="a">New York, The Mcmillan Co., 1960. Ix + 303p</subfield></datafield><datafield ind1=" " ind2=" " tag="852"><subfield code="a">16033</subfield></datafield></record></collection>